@article{cuda-hmm,
  title={cuHMM: a CUDA implementation of hidden Markov model training and classification},
  author={Liu, Chuan},
  journal={Johns Hopkins University},
  year={2009}
}


@article{hmm-gesture,
  title={An HMM-based threshold model approach for gesture recognition},
  author={Lee, Hyeon-Kyu and Kim, Jin-Hyung},
  journal={Pattern Analysis and Machine Intelligence, IEEE Transactions on},
  volume={21},
  number={10},
  pages={961--973},
  year={1999},
  publisher={IEEE}
}

@article{hmm-speech,
  title={A tutorial on hidden Markov models and selected applications in speech recognition},
  author={Rabiner, Lawrence},
  journal={Proceedings of the IEEE},
  volume={77},
  number={2},
  pages={257--286},
  year={1989},
  publisher={IEEE}
}

@article{cut-stitch,
  title={Efficient Parallel Learning of Hidden Markov Chain Models on SMPs},
  author={Lei, LI and Bin, FU and Faloutsos, Christos},
  journal={IEICE transactions on information and systems},
  volume={93},
  number={6},
  pages={1330--1342},
  year={2010},
  publisher={The Institute of Electronics, Information and Communication Engineers}
}

@article{normalizer,
  title={A Brief Note on the Hidden Markov Models (HMMs)},
  author={Zhai, ChengXiang},
  journal={Department of Computer Science University of Illinois at Urbana-Champaign},
  year={2003}
}

@inproceedings{small-state-space,
  title={Algorithms for a parallel implementation of Hidden Markov Models with a small state space},
  author={Nielsen, Jesper and Sand, Andreas},
  booktitle={Parallel and Distributed Processing Workshops and Phd Forum (IPDPSW), 2011 IEEE International Symposium on},
  pages={452--459},
  year={2011},
  organization={IEEE}
}

@misc{odyssey,
    title={Research Computing},
    author={The Presidents and Fellows of Harvard University},
    howpublished={\url{rc.fas.harvard.edu}}
}
